<collection xmlns="http://www.loc.gov/MARC21/slim">
<record>
  <leader>01379nam0a2200277 i 450 </leader>
  <controlfield tag="001">IT\ICCU\CNCE\014416</controlfield>
  <controlfield tag="005">20080508000000.0</controlfield>
  <datafield tag="012" ind1=" " ind2=" ">
    <subfield code="a">o.e. e.to o.o, vsfu (C) 1599 (R)</subfield>
    <subfield code="2">fei</subfield>
  </datafield>
  <datafield tag="100" ind1=" " ind2=" ">
    <subfield code="a">19970101d1599        0itac0103    ba</subfield>
  </datafield>
  <datafield tag="101" ind1=" " ind2=" ">
    <subfield code="a">ITA</subfield>
  </datafield>
  <datafield tag="102" ind1=" " ind2=" ">
    <subfield code="a">IT</subfield>
  </datafield>
  <datafield tag="200" ind1="1" ind2=" ">
    <subfield code="a">Banchetto de&apos; mal cibati. Comedia dell&apos;Accademico Frusto. Recitata da gli Affamati, nella citt ̉calamitosa, a 15 del mese dell&apos;Estrema Miseria. L&apos;anno dell&apos;aspra, &amp; insoportabil Necessit.̉ Di Giulio Cesare Croce</subfield>
  </datafield>
  <datafield tag="210" ind1=" " ind2=" ">
    <subfield code="a">In Farnese</subfield>
    <subfield code="c">per Nicol ̣Mariani</subfield>
    <subfield code="d">1599</subfield>
  </datafield>
  <datafield tag="215" ind1=" " ind2=" ">
    <subfield code="a">\32! c.</subfield>
    <subfield code="d">16ʻ</subfield>
  </datafield>
  <datafield tag="300" ind1=" " ind2=" ">
    <subfield code="a">La data  ̈erroneamente stampata MDXCVIX</subfield>
  </datafield>
  <datafield tag="620" ind1=" " ind2=" ">
    <subfield code="a">IT</subfield>
    <subfield code="d">Farnese</subfield>
  </datafield>
  <datafield tag="700" ind1=" " ind2="1">
    <subfield code="a">Croce,</subfield>
    <subfield code="b">Giulio Cesare</subfield>
    <subfield code="3">IT\ICCU\CNCA\003591</subfield>
  </datafield>
  <datafield tag="712" ind1="0" ind2="0">
    <subfield code="a"></subfield>
    <subfield code="3">IT\ICCU\CNCT\001630</subfield>
    <subfield code="4">650</subfield>
  </datafield>
  <datafield tag="790" ind1=" " ind2="0">
    <subfield code="a">Academico frusto</subfield>
    <subfield code="3">IT\ICCU\CNCA\012334</subfield>
    <subfield code="z">Croce, Giulio Cesare</subfield>
  </datafield>
  <datafield tag="790" ind1=" " ind2="0">
    <subfield code="a">℗Il ℗Capriccioso Accademico Bizzarro</subfield>
    <subfield code="3">IT\ICCU\CNCA\013152</subfield>
    <subfield code="z">Croce, Giulio Cesare</subfield>
  </datafield>
  <datafield tag="790" ind1=" " ind2="1">
    <subfield code="a">Della_Croce,</subfield>
    <subfield code="b">Giulio Cesare</subfield>
    <subfield code="3">IT\ICCU\CNCA\015199</subfield>
    <subfield code="z">Croce, Giulio Cesare</subfield>
  </datafield>
  <datafield tag="790" ind1=" " ind2="1">
    <subfield code="a">Dalla_Croce,</subfield>
    <subfield code="b">Giulio Cesare</subfield>
    <subfield code="3">IT\ICCU\CNCA\015200</subfield>
    <subfield code="z">Croce, Giulio Cesare</subfield>
  </datafield>
  <datafield tag="790" ind1=" " ind2="1">
    <subfield code="a">Della_Lira,</subfield>
    <subfield code="b">Giulio</subfield>
    <subfield code="3">IT\ICCU\CNCA\015202</subfield>
    <subfield code="z">Croce, Giulio Cesare</subfield>
  </datafield>
  <datafield tag="790" ind1=" " ind2="1">
    <subfield code="a">Salcizza,</subfield>
    <subfield code="b">Zan</subfield>
    <subfield code="3">IT\ICCU\CNCA\017811</subfield>
    <subfield code="z">Croce, Giulio Cesare</subfield>
  </datafield>
  <datafield tag="801" ind1=" " ind2="3">
    <subfield code="a">IT</subfield>
    <subfield code="b">ICCU</subfield>
    <subfield code="c">20201114</subfield>
  </datafield>
  <datafield tag="899" ind1=" " ind2=" ">
    <subfield code="a">Biblioteca dell&apos;Accademia nazionale dei Lincei e Corsiniana. Roma</subfield>
    <subfield code="1">RM0418</subfield>
    <subfield code="2">RML 10</subfield>
  </datafield>
</record>
</collection>
